@book{bib1,
  title     = {Язык программирования C},
  author    = {Керниган Брайан У., Ритчи Деннис М.},
  publisher = {Вильямс},
  year      = {2019},
  pages     = {288}
}

@book{bib2,
  title     = {SAS Data Integration Studio},
  publisher = {SAS Institute},
  year      = {1976},
  url       = {https://support.sas.com/en/software/data-integration-studio-support.html}
}

@book{bib3,
  title     = {Informatica PowerCenter},
  publisher = {Data Integration},
  year      = {1993},
  url       = {https://dis-group.ru/technologies/data-integration/powercenter/}
}

@book{bib4,
  title = {Apache NiFi},
  publisher = {Apache Software Foundation},
  year  = {2006},
  url   = {https://nifi.apache.org/}
}

@book{bib5,
  title = {GNU Bison},
  publisher = {Free Software Foundation},
  year  = {2014},
  url   = {https://www.gnu.org/software/bison/}
}

@book{bib6,
  title = {Замер памяти в Python3},
  year  = {2019},
  url   = { https://pypi.org/project/memory-
	profiler/}
}